% This file was created with JabRef 2.9.2.
% Encoding: UTF8

@misc{minayo1994pesquisa,
  title={Pesquisa social},
  author={Minayo, Maria Cec{\'\i}lia de Souza},
  year={1994},
  publisher={Vozes}
}
@article{rauen1999elementos,
  title={Elementos de inicia{\c{c}}{\~a}o {\`a} pesquisa},
  author={Rauen, F{\'a}bio Jos{\'e}},
  journal={Rio do Sul, SC: Nova Era},
  pages={55--83},
  year={1999}
}

